
<record>
  <controlfield tag="001">579475</controlfield>
  <datafield tag="024" ind1="7" ind2=" ">
    <subfield code="2">DOI</subfield>
    <subfield code="9">bibmatch</subfield>
    <subfield code="a">10.1142/9789812777157_0028</subfield>
  </datafield>
  <datafield tag="035" ind1=" " ind2=" ">
    <subfield code="9">SPIRESTeX</subfield>
    <subfield code="a">Akhmetshin:2001rz</subfield>
  </datafield>
  <datafield tag="245" ind1=" " ind2=" ">
    <subfield code="9">WSP</subfield>
    <subfield code="a">Study of $e^+e^-$ Annihilation Into Hadrons at Vepp-2m</subfield>
  </datafield>
</record>