
<record>
  <controlfield tag="001">579318</controlfield>
  <datafield tag="035" ind1=" " ind2=" ">
    <subfield code="z">D03-05194</subfield>
    <subfield code="9">DESY</subfield>
  </datafield>
  <datafield tag="035" ind1=" " ind2=" ">
    <subfield code="a">Abramov:2001gn</subfield>
    <subfield code="9">SPIRESTeX</subfield>
  </datafield>
  <datafield tag="037" ind1=" " ind2=" ">
    <subfield code="a">BUDKER-INP-2001-29</subfield>
  </datafield>
  <datafield tag="245" ind1=" " ind2=" ">
    <subfield code="a">Upgrade of the Spherical Neutral Detector for VEPP-2000</subfield>
  </datafield>
  <datafield tag="710" ind1=" " ind2=" ">
    <subfield code="g">SND</subfield>
  </datafield>
</record>